01REMESSA01COBRANCA       00000000000004551915ASSOCIACAO PAULISTA DE CIRURGI237BRADESCO       010420        MX0000001                                                                                                                                                                                                                                                                                     000001
100000 000000000000 0009000910052974900035                    0002100000035042020P00000000001N           2  0177936     11042000000000000000000000099N010420060500000000005000000000000000000000000000000000000000000000000299999999999999APCD ARARAQUARA                         RUA NOVE DE JULHO, 2340                             14802300                                                            000002
2   VALORES EXPRESSOS EM REAIS  -  AS INFORMACOES DESTE BOLETO SAO DE EXCLUSIVA R                                                                                                                                                                                                                                                00000000000000000000000000000000000000       009000910052974900035042020P000003
9                                                                                                                                                                                                                                                                                                                                                                                                         000004
